<collection xmlns="http://www.loc.gov/MARC21/slim"><record><leader>00956nam  2200277   450</leader><controlfield tag="001">807</controlfield><controlfield tag="003">http://montalegre.opacnet.com/OPAC/default.aspx?ContentAreaControl=ShowRegHoldings.ascx&amp;RegNo=16662</controlfield><datafield tag="021" ind1=" " ind2=" "><subfield code="a">PT</subfield><subfield code="b">32982/90</subfield></datafield><datafield tag="095" ind1=" " ind2=" "><subfield code="a">PTBN00251571</subfield></datafield><datafield tag="100" ind1=" " ind2=" "><subfield code="a">19900509d1990    m  y0pory010305  ba</subfield></datafield><datafield tag="101" ind1="1" ind2=" "><subfield code="a">por</subfield><subfield code="c">swe</subfield></datafield><datafield tag="102" ind1=" " ind2=" "><subfield code="a">PT</subfield></datafield><datafield tag="105" ind1=" " ind2=" "><subfield code="a">y   z   000ay</subfield></datafield><datafield tag="106" ind1=" " ind2=" "><subfield code="a">r</subfield></datafield><datafield tag="200" ind1="1" ind2=" "><subfield code="a">&lt;O &gt;caminho da serpente</subfield><subfield code="f">Torgny Lindgren</subfield><subfield code="g">trad. Maria Carlos Loureiro, Marie-Louise Petersson</subfield></datafield><datafield tag="210" ind1=" " ind2=" "><subfield code="a">Lisboa</subfield><subfield code="c">Quetzal</subfield><subfield code="d">1990</subfield></datafield><datafield tag="215" ind1=" " ind2=" "><subfield code="a">132 p.</subfield><subfield code="d">20 cm</subfield></datafield><datafield tag="225" ind1="2" ind2=" "><subfield code="a">Graffiti</subfield></datafield><datafield tag="304" ind1=" " ind2=" "><subfield code="a">Tít. orig. : Ormens Väg Pa Hälleberget</subfield></datafield><datafield tag="325" ind1=" " ind2=" "><subfield code="a">Texto em braille. - Lisboa : BN, 1991. - 2 vol., integral ; 31 cm????</subfield></datafield><datafield tag="675" ind1=" " ind2=" "><subfield code="a">839.7-31"19"</subfield><subfield code="v">BN</subfield><subfield code="z">por</subfield></datafield><datafield tag="700" ind1=" " ind2="1"><subfield code="a">Lindgren</subfield><subfield code="b">Torgny</subfield><subfield code="f">1938-</subfield></datafield><datafield tag="702" ind1=" " ind2="1"><subfield code="a">Loureiro</subfield><subfield code="b">Maria Carlos</subfield><subfield code="4">730</subfield></datafield><datafield tag="702" ind1=" " ind2="1"><subfield code="a">Petersson</subfield><subfield code="b">Marie-Louise</subfield><subfield code="4">730</subfield></datafield><datafield tag="801" ind1=" " ind2="0"><subfield code="a">PT</subfield><subfield code="b">Biblioteca Municipal de Montalegre</subfield><subfield code="g">RPC</subfield></datafield><datafield tag="856" ind1=" " ind2=" "><subfield code="u">locateMedia.asp?cod=20060622154112&amp;ext=jpg</subfield><subfield code="z">CAPA</subfield></datafield><datafield tag="909" ind1="&#9;" ind2=" "><subfield code="a">1</subfield></datafield><datafield tag="966" ind1=" " ind2=" "><subfield code="a">0009005</subfield><subfield code="l">BMM</subfield><subfield code="s">SCG 821 LIN cam</subfield></datafield></record></collection>